<record><leader>00000cas a22000007a 4500</leader><controlfield tag="001">9357371</controlfield><controlfield tag="008">830329d19031958cauwr ne      0    0ita d</controlfield><datafield ind1=" " ind2=" " tag="010"><subfield code="a">sn 83045222 </subfield></datafield><datafield ind1=" " ind2=" " tag="040"><subfield code="a">CRL</subfield><subfield code="b">eng</subfield><subfield code="c">CRL</subfield><subfield code="d">NPW</subfield><subfield code="d">CRL</subfield><subfield code="d">CNK</subfield><subfield code="d">CNW</subfield><subfield code="d">OCLCQ</subfield><subfield code="d">OCLCF</subfield><subfield code="d">OCLCO</subfield></datafield><datafield ind1="1" ind2=" " tag="029"><subfield code="a">AU@</subfield><subfield code="b">000025810445</subfield></datafield><datafield ind1="0" ind2=" " tag="041"><subfield code="a">itaeng</subfield></datafield><datafield ind1=" " ind2=" " tag="042"><subfield code="a">msc</subfield></datafield><datafield ind1=" " ind2=" " tag="043"><subfield code="a">n-us---</subfield></datafield><datafield ind1="0" ind2="3" tag="245"><subfield code="a">La Colonia svizzera.</subfield></datafield><datafield ind1="1" ind2="3" tag="246"><subfield code="a">Swiss paper</subfield></datafield><datafield ind1=" " ind2=" " tag="260"><subfield code="a">San Francisco, Cal. :</subfield><subfield code="b">Swiss Pub. Co.</subfield></datafield><datafield ind1=" " ind2=" " tag="300"><subfield code="a">v. :</subfield><subfield code="b">ill. ;</subfield><subfield code="c">56-58 cm.</subfield></datafield><datafield ind1=" " ind2=" " tag="310"><subfield code="a">Weekly,</subfield><subfield code="b">24 genn. 1936-</subfield></datafield><datafield ind1=" " ind2=" " tag="321"><subfield code="a">Semiweekly,</subfield><subfield code="b">&lt;1907&gt;-17 genn. 1936</subfield></datafield><datafield ind1="1" ind2=" " tag="362"><subfield code="a">Began in 1903.</subfield></datafield><datafield ind1="1" ind2=" " tag="362"><subfield code="a">Ceased in 1958?</subfield><subfield code="z">Cf. NIM, 1948-1972.</subfield></datafield><datafield ind1="8" ind2=" " tag="521"><subfield code="a">"The oldest Swiss-Italian newspaper in the United States."</subfield></datafield><datafield ind1=" " ind2=" " tag="530"><subfield code="a">Available on microfilm from the Center for Research Libraries.</subfield></datafield><datafield ind1=" " ind2=" " tag="546"><subfield code="a">Italian and English.</subfield></datafield><datafield ind1=" " ind2=" " tag="588"><subfield code="a">Description based on: Anno 28, n. 47 (11 giugno 1907).</subfield></datafield><datafield ind1=" " ind2="0" tag="650"><subfield code="a">Swiss</subfield><subfield code="z">United States</subfield><subfield code="v">Newspapers.</subfield></datafield><datafield ind1=" " ind2="0" tag="650"><subfield code="a">Swiss Americans</subfield><subfield code="v">Newspapers.</subfield></datafield><datafield ind1=" " ind2="7" tag="655"><subfield code="a">Newspapers.</subfield><subfield code="2">fast</subfield><subfield code="0">(OCoLC)fst01423814</subfield></datafield><datafield ind1=" " ind2="7" tag="650"><subfield code="a">Swiss.</subfield><subfield code="2">fast</subfield><subfield code="0">(OCoLC)fst01140558</subfield></datafield><datafield ind1=" " ind2="7" tag="650"><subfield code="a">Swiss Americans.</subfield><subfield code="2">fast</subfield><subfield code="0">(OCoLC)fst01140566</subfield></datafield><datafield ind1=" " ind2="7" tag="651"><subfield code="a">United States.</subfield><subfield code="2">fast</subfield><subfield code="0">(OCoLC)fst01204155</subfield></datafield><datafield ind1=" " ind2=" " tag="752"><subfield code="a">United States</subfield><subfield code="b">California</subfield><subfield code="c">San Francisco</subfield><subfield code="d">San Francisco.</subfield></datafield><datafield ind1="0" ind2="4" tag="780"><subfield code="t">Elvezia</subfield><subfield code="w">(OCoLC)12956298</subfield></datafield><datafield ind1="0" ind2="4" tag="780"><subfield code="t">Svizzera</subfield></datafield></record>